<?xml version="1.0" encoding="utf-8"?>
<record xmlns="http://www.loc.gov/MARC21/slim" xmlns:xsi="http://www.w3.org/2001/XMLSchema-instance" xsi:schemaLocation="http://www.loc.gov/MARC21/slim http://www.loc.gov/standards/marcxml/schema/MARC21slim.xsd">
	<leader>     nam a22     Mi 4500</leader>
	<controlfield tag="001">3171079</controlfield>
	<controlfield tag="003">NNC</controlfield>
	<controlfield tag="006">m        d        </controlfield>
	<controlfield tag="007">cr cn |||m|||a</controlfield>
	<controlfield tag="008">190404s1882    ua      o     000 0 ara d</controlfield>
	<datafield ind1=" " ind2=" " tag="040">
		<subfield code="a">ZYU</subfield>
		<subfield code="b">ara</subfield>
		<subfield code="e">rda</subfield>
		<subfield code="c">ZYU</subfield>
	</datafield>
	<datafield ind1=" " ind2="4" tag="050">
		<subfield code="a">PJ7765</subfield>
		<subfield code="b">.K527s</subfield>
	</datafield>
	<datafield ind1="1" ind2=" " tag="100">
		<subfield code="6">880-01</subfield>
		<subfield code="a">Kharshī, Muḥammad ibn ʻAbd Allāh,</subfield>
		<subfield code="d">1601 or 1602-1689 or 1690.</subfield>
	</datafield>
	<datafield ind1="1" ind2="0" tag="240">
		<subfield code="6">880-02</subfield>
		<subfield code="a">Sharh al-ṣaghīr</subfield>
	</datafield>
	<datafield ind1="1" ind2="0" tag="245">
		<subfield code="6">880-03</subfield>
		<subfield code="a">Sharḥ al-muḥaqqiq al-jahbidh al-fāḍil al-mudaqqiq Sīdī Abī ʻAbd Allāh Muḥammad al-Kharashī ʻalá al-mukhtaṣar al-jalīl li-Abī al-Ḍiyāʼ Sīdī Khalīl ; wa-bi-hāmishihi ḥāshiyat ʻAlī al-ʻAdawī.</subfield>
	</datafield>
	<datafield ind1=" " ind2=" " tag="260">
		<subfield code="6">880-04</subfield>
		<subfield code="a">Miṣr :</subfield>
		<subfield code="b">al-Maṭbaʻah al-Khayrīyah,</subfield>
		<subfield code="c">1308 [1890]</subfield>
	</datafield>
	<datafield ind1=" " ind2=" " tag="300">
		<subfield code="a">online resource (5 volumes)</subfield>
	</datafield>
	<datafield ind1=" " ind2=" " tag="336">
		<subfield code="a">text</subfield>
		<subfield code="2">rdacontent</subfield>
	</datafield>
	<datafield ind1=" " ind2=" " tag="337">
		<subfield code="a">computer</subfield>
		<subfield code="2">rdamedia</subfield>
	</datafield>
	<datafield ind1=" " ind2=" " tag="338">
		<subfield code="a">online resource</subfield>
		<subfield code="2">rdacarrier</subfield>
	</datafield>
	<datafield ind1=" " ind2=" " tag="500">
		<subfield code="a">Part of the Arabic Collections Online (ACO) project, contributed by Columbia University Libraries.</subfield>
	</datafield>
	<datafield ind1=" " ind2=" " tag="533">
		<subfield code="a">Electronic reproduction.</subfield>
		<subfield code="b">New York, N.Y. :</subfield>
		<subfield code="c">New York University,</subfield>
		<subfield code="d">2019.</subfield>
		<subfield code="5">NNU</subfield>
	</datafield>
	<datafield ind1="0" ind2=" " tag="700">
		<subfield code="6">880-05</subfield>
		<subfield code="a">Khalīl ibn Isḥāq al-Jundī,</subfield>
		<subfield code="d">-1365?</subfield>
	</datafield>
	<datafield ind1="1" ind2=" " tag="700">
		<subfield code="6">880-06</subfield>
		<subfield code="a">Adawī, ʻAlī ibn Aḥmad,</subfield>
		<subfield code="d">1700 or 1701-1775 or 1776.</subfield>
	</datafield>
	<datafield ind1="2" ind2=" " tag="710">
		<subfield code="a">Columbia University.</subfield>
		<subfield code="b">Libraries.</subfield>
	</datafield>
	<datafield ind1="0" ind2=" " tag="730">
		<subfield code="a">Arabic Collections Online.</subfield>
	</datafield>
	<datafield ind1="0" ind2="8" tag="776">
		<subfield code="i">Print version:</subfield>
		<subfield code="a">Kharshī, Muḥammad ibn ʻAbd Allāh, 1601 or 1602-1689 or 1690.</subfield>
		<subfield code="t">Sharḥ al-muḥaqqiq al-jahbidh al-fāḍil al-mudaqqiq Sīdī Abī ʻAbd Allāh Muḥammad al-Kharashī ʻalá al-mukhtaṣar al-jalīl li-Abī al-Ḍiyāʼ Sīdī Khalīl ; wa-bi-hāmishihi ḥāshiyat ʻAlī al-ʻAdawī</subfield>
		<subfield code="w">(NNC)3171079</subfield>
		<subfield code="w">(OCoLC)48805164</subfield>
	</datafield>
	<datafield ind1="4" ind2="0" tag="856">
		<subfield code="u">http://hdl.handle.net/2333.1/3xsj4313</subfield>
	</datafield>
	<datafield ind1="1" ind2=" " tag="880">
		<subfield code="6">100-01</subfield>
		<subfield code="a">خرشي، محمد بن عبد الله،</subfield>
		<subfield code="d">1601 or 1602-1689 or 1690.</subfield>
	</datafield>
	<datafield ind1="1" ind2="0" tag="880">
		<subfield code="6">240-02</subfield>
		<subfield code="a">شرح الصغير</subfield>
	</datafield>
	<datafield ind1="1" ind2="0" tag="880">
		<subfield code="6">245-03</subfield>
		<subfield code="a">شرح المحقق الجهبذ الفاضل المدقق سيدي ابي عبد الله محمد الخرشي على المختصر الجليل لابي الضياء سيدي خليل ؛ وبهامشه حاشية علي العدوي.</subfield>
	</datafield>
	<datafield ind1=" " ind2=" " tag="880">
		<subfield code="6">260-04</subfield>
		<subfield code="a">مصر :</subfield>
		<subfield code="b">المطبعة الخيرية،</subfield>
		<subfield code="c">1308 [1890]</subfield>
	</datafield>
	<datafield ind1="0" ind2=" " tag="880">
		<subfield code="6">700-05</subfield>
		<subfield code="a">خليل بن اسحاق الجندي،</subfield>
		<subfield code="d">-1365?</subfield>
	</datafield>
	<datafield ind1="1" ind2=" " tag="880">
		<subfield code="6">700-06</subfield>
		<subfield code="a">عدوي، علي بن أحمد،</subfield>
		<subfield code="d">1700 or 1701-1775 or 1776.</subfield>
	</datafield>
	<datafield ind1=" " ind2=" " tag="959">
		<subfield code="a">NNU</subfield>
		<subfield code="b">WEB</subfield>
		<subfield code="c">GENI</subfield>
		<subfield code="t">0</subfield>
		<subfield code="m">Electronic access</subfield>
		<subfield code="s">01</subfield>
	</datafield>
	<datafield ind1=" " ind2=" " tag="999">
		<subfield code="i">NNC_3171079</subfield>
		<subfield code="o">(OCoLC)ocm48805164</subfield>
		<subfield code="s">columbia_aco003768:v.1</subfield>
		<subfield code="s">columbia_aco003769:v.2</subfield>
		<subfield code="s">columbia_aco003770:v.3</subfield>
		<subfield code="s">columbia_aco003771:v.4</subfield>
		<subfield code="s">columbia_aco003772:v.5</subfield>
		<subfield code="e">(ERROR-880)</subfield>
		<subfield code="s">columbia_aco003768:v.1</subfield>
		<subfield code="s">columbia_aco003769:v.2</subfield>
		<subfield code="s">columbia_aco003770:v.3</subfield>
		<subfield code="s">columbia_aco003771:v.4</subfield>
		<subfield code="s">columbia_aco003772:v.5</subfield>
	</datafield>
</record>
